@article{lock-in-competition,
    author  = "Kevin Xiaoguo Zhu, Zach Zhizhong Zhou",
    title   = "{L}ock-{I}n {S}trategy in {S}oftware {C}ompetition: {O}pen-{S}ource {S}oftware vs. {P}roprietary {S}oftware",
    year    = "2011",
    journal = "Information Systems Research",
    pages   = "1--10",
    howpublished = "\url{http://rady.ucsd.edu/faculty/directory/zhu/docs/papers/ISR_software_competition.pdf}"
}

@article{computer-world-2004,
    author = "Computer World",
    title = "On-Demand Computing Survey Results",
    year    = "2004",
    howpublished = "\url{http://www.computerworld.com/article/2564310/computer-hardware/on-demand-computing-survey-results.html}",
}

@article{survey-2015,
    author = "North Bridge",
    title = "2015 Survey Results",
    year    = "2015",
    howpublished = "\url{http://www.northbridge.com/2015-future-open-source-survey-results}",
}
